@article{girard1987linear,
  title={Linear logic},
  author={Girard, Jean-Yves},
  journal={Theoretical computer science},
  volume={50},
  number={1},
  pages={1--101},
  year={1987},
  publisher={Elsevier}
}

@article{alexiev1994applications,
  title={Applications of linear logic to computation: An overview},
  author={Alexiev, Vladimir},
  journal={Logic Journal of the IGPL},
  volume={2},
  number={1},
  pages={77--107},
  year={1994},
  publisher={Oxford University Press}
}

@inproceedings{fouladi2017encoding,
  title={Encoding, fast and slow: Low-latency video processing using thousands of tiny threads},
  author={Fouladi, Sadjad and Wahby, Riad S and Shacklett, Brennan and Balasubramaniam, Karthikeyan Vasuki and Zeng, William and Bhalerao, Rahul and Sivaraman, Anirudh and Porter, George and Winstein, Keith},
  booktitle={14th $\{$USENIX$\}$ Symposium on Networked Systems Design and Implementation ($\{$NSDI$\}$ 17)},
  pages={363--376},
  year={2017}
}

@article{jangda2019formal,
  title={Formal foundations of serverless computing},
  author={Jangda, Abhinav and Pinckney, Donald and Brun, Yuriy and Guha, Arjun},
  journal={Proceedings of the ACM on Programming Languages},
  volume={3},
  number={OOPSLA},
  pages={1--26},
  year={2019},
  publisher={ACM New York, NY, USA}
}

@inproceedings{manco2017my,
  title={My VM is Lighter (and Safer) than your Container},
  author={Manco, Filipe and Lupu, Costin and Schmidt, Florian and Mendes, Jose and Kuenzer, Simon and Sati, Sumit and Yasukata, Kenichi and Raiciu, Costin and Huici, Felipe},
  booktitle={Proceedings of the 26th Symposium on Operating Systems Principles},
  pages={218--233},
  year={2017}
}

@inproceedings{watt2018mechanising,
  title={Mechanising and verifying the WebAssembly specification},
  author={Watt, Conrad},
  booktitle={Proceedings of the 7th ACM SIGPLAN International Conference on Certified Programs and Proofs},
  pages={53--65},
  year={2018}
}

@article{burns2016borg,
  title={Borg, omega, and kubernetes},
  author={Burns, Brendan and Grant, Brian and Oppenheimer, David and Brewer, Eric and Wilkes, John},
  journal={Queue},
  volume={14},
  number={1},
  pages={70--93},
  year={2016},
  publisher={ACM New York, NY, USA}
}

@inproceedings{haas2017bringing,
  title={Bringing the web up to speed with WebAssembly},
  author={Haas, Andreas and Rossberg, Andreas and Schuff, Derek L and Titzer, Ben L and Holman, Michael and Gohman, Dan and Wagner, Luke and Zakai, Alon and Bastien, JF},
  booktitle={Proceedings of the 38th ACM SIGPLAN Conference on Programming Language Design and Implementation},
  pages={185--200},
  year={2017}
}

@inproceedings{atkey2018syntax,
  title={Syntax and Semantics of Quantitative Type Theory},
  author={Atkey, Robert},
  booktitle={Proceedings of the 33rd Annual ACM/IEEE Symposium on Logic in Computer Science},
  pages={56--65},
  year={2018}
}

@article{matsakis2014rust,
  title={The rust language},
  author={Matsakis, Nicholas D and Klock, Felix S},
  journal={ACM SIGAda Ada Letters},
  volume={34},
  number={3},
  pages={103--104},
  year={2014},
  publisher={ACM New York, NY, USA}
}

@article{jung2017rustbelt,
  title={RustBelt: Securing the foundations of the Rust programming language},
  author={Jung, Ralf and Jourdan, Jacques-Henri and Krebbers, Robbert and Dreyer, Derek},
  journal={Proceedings of the ACM on Programming Languages},
  volume={2},
  number={POPL},
  pages={1--34},
  year={2017},
  publisher={ACM New York, NY, USA}
}

@article{bradyidris,
  title={Idris 2: Quantitative Type Theory in Action},
  author={BRADY, EDWIN}
}

@article{hillis1986data,
  title={Data parallel algorithms},
  author={Hillis, W Daniel and Steele Jr, Guy L},
  journal={Communications of the ACM},
  volume={29},
  number={12},
  pages={1170--1183},
  year={1986},
  publisher={ACM New York, NY, USA}
}

@article{brissaud2019transparent,
  title={Transparent and Service-Agnostic Monitoring of Encrypted Web Traffic},
  author={Brissaud, Pierre-Olivier and Franc{\c{c}}is, J{\'e}r{\^o}me and Chrisment, Isabelle and Cholez, Thibault and Bettan, Olivier},
  journal={IEEE Transactions on Network and Service Management},
  volume={16},
  number={3},
  pages={842--856},
  year={2019},
  publisher={IEEE}
}

@article{vsinkarovs2019array,
  title={Array Languages Make Neural Networks Fast},
  author={{\v{S}}inkarovs, Artjoms and Vie{\ss}mann, Hans-Nikolai and Scholz, Sven-Bodo},
  journal={arXiv preprint arXiv:1912.05234},
  year={2019}
}

@inproceedings{tran2019compositional,
  title={Compositional deep learning in Futhark},
  author={Tran, Duc Minh and Henriksen, Troels and Elsman, Martin},
  booktitle={Proceedings of the 8th ACM SIGPLAN International Workshop on Functional High-Performance and Numerical Computing},
  pages={47--59},
  year={2019}
}

@inproceedings{weigang1985introduction,
  title={An introduction to STSC's APL compiler},
  author={Weigang, Jim},
  booktitle={Proceedings of the international conference on APL: APL and the future},
  pages={231--238},
  year={1985}
}

@article{mchenry1990r,
  title={R-Technology: a Soviet visual programming environment},
  author={McHenry, William K},
  journal={Journal of Visual Languages \& Computing},
  volume={1},
  number={2},
  pages={199--212},
  year={1990},
  publisher={Elsevier}
}

@misc{mitkin2012drakon,
  title={DRAKON-Erlang: Visual functional programming},
  author={Mitkin, Stepan}
}

@article{mckenney2017parallel,
  title={Is parallel programming hard, and, if so, what can you do about it?(v2017. 01.02 a)},
  author={McKenney, Paul E},
  journal={arXiv preprint arXiv:1701.00854},
  year={2017}
}

@article{gent2018review,
  title={A review of literature on parallel constraint solving},
  author={Gent, Ian P and Miguel, Ian and Nightingale, Peter and McCreesh, Ciaran and Prosser, Patrick and Moore, Neil CA and Unsworth, Chris},
  journal={Theory and Practice of Logic Programming},
  volume={18},
  number={5-6},
  pages={725--758},
  year={2018},
  publisher={Cambridge University Press}
}


@inproceedings{slepak2014array,
  title={An array-oriented language with static rank polymorphism},
  author={Slepak, Justin and Shivers, Olin and Manolios, Panagiotis},
  booktitle={European Symposium on Programming Languages and Systems},
  pages={27--46},
  year={2014},
  organization={Springer}
}

@inproceedings{wieringa2013asynchronous,
  title={Asynchronous multi-core incremental SAT solving},
  author={Wieringa, Siert and Heljanko, Keijo},
  booktitle={International Conference on Tools and Algorithms for the Construction and Analysis of Systems},
  pages={139--153},
  year={2013},
  organization={Springer}
}

@inproceedings{raza2019unikernels,
  title={Unikernels: The Next Stage of Linux's Dominance},
  author={Raza, Ali and Sohal, Parul and Cadden, James and Appavoo, Jonathan and Drepper, Ulrich and Jones, Richard and Krieger, Orran and Mancuso, Renato and Woodman, Larry},
  booktitle={Proceedings of the Workshop on Hot Topics in Operating Systems},
  pages={7--13},
  year={2019}
}

@inproceedings{bauer2019legate,
  title={Legate NumPy: accelerated and distributed array computing},
  author={Bauer, Michael and Garland, Michael},
  booktitle={Proceedings of the International Conference for High Performance Computing, Networking, Storage and Analysis},
  pages={1--23},
  year={2019}
}

@techreport{proust2017asap,
  title={Asap: As static as possible memory management},
  author={Proust, Rapha{\"e}l L},
  year={2017},
  institution={University of Cambridge, Computer Laboratory}
}

@inproceedings{rigon2020inferring,
  title={Inferring types and effects via static single assignment},
  author={Rigon, Leonardo Filipe and Torrens, Paulo and Vasconcellos, Cristiano},
  booktitle={Proceedings of the 35th Annual ACM Symposium on Applied Computing},
  pages={1314--1321},
  year={2020}
}

@inproceedings{gibbons2017aplicative,
  title={APLicative programming with Naperian functors},
  author={Gibbons, Jeremy},
  booktitle={European Symposium on Programming},
  pages={556--583},
  year={2017},
  organization={Springer}
}

@inproceedings{haavisto2019open,
  title={Open-source RANs in practice: an over-the-air deployment for 5G MEC},
  author={Haavisto, Juuso and Arif, Muhammad and Lov{\'e}n, Lauri and Lepp{\"a}nen, Teemu and Riekki, Jukka},
  booktitle={2019 European Conference on Networks and Communications (EuCNC)},
  pages={495--500},
  year={2019},
  organization={IEEE}
}

@article{kratzke2017microservices,
  title={About microservices, containers and their underestimated impact on network performance},
  author={Kratzke, Nane},
  journal={arXiv preprint arXiv:1710.04049},
  year={2017}
}

@inproceedings{amaral2015performance,
  title={Performance evaluation of microservices architectures using containers},
  author={Amaral, Marcelo and Polo, Jorda and Carrera, David and Mohomed, Iqbal and Unuvar, Merve and Steinder, Malgorzata},
  booktitle={2015 IEEE 14th International Symposium on Network Computing and Applications},
  pages={27--34},
  year={2015},
  organization={IEEE}
}

@inproceedings{agache2020firecracker,
  title={Firecracker: Lightweight Virtualization for Serverless Applications},
  author={Agache, Alexandru and Brooker, Marc and Iordache, Alexandra and Liguori, Anthony and Neugebauer, Rolf and Piwonka, Phil and Popa, Diana-Maria},
  booktitle={17th $\{$USENIX$\}$ Symposium on Networked Systems Design and Implementation ($\{$NSDI$\}$ 20)},
  pages={419--434},
  year={2020}
}

@article{hellerstein2018serverless,
  title={Serverless computing: One step forward, two steps back},
  author={Hellerstein, Joseph M and Faleiro, Jose and Gonzalez, Joseph E and Schleier-Smith, Johann and Sreekanti, Vikram and Tumanov, Alexey and Wu, Chenggang},
  journal={arXiv preprint arXiv:1812.03651},
  year={2018}
}

@article{jonas2019cloud,
  title={Cloud programming simplified: A berkeley view on serverless computing},
  author={Jonas, Eric and Schleier-Smith, Johann and Sreekanti, Vikram and Tsai, Chia-Che and Khandelwal, Anurag and Pu, Qifan and Shankar, Vaishaal and Carreira, Joao and Krauth, Karl and Yadwadkar, Neeraja and others},
  journal={arXiv preprint arXiv:1902.03383},
  year={2019}
}


@inproceedings{imada2018mirageos,
  title={Mirageos unikernel with network acceleration for iot cloud environments},
  author={Imada, Takayuki},
  booktitle={Proceedings of the 2018 2nd International Conference on Cloud and Big Data Computing},
  pages={1--5},
  year={2018}
}

@article{han2010packetshader,
  title={PacketShader: a GPU-accelerated software router},
  author={Han, Sangjin and Jang, Keon and Park, KyoungSoo and Moon, Sue},
  journal={ACM SIGCOMM Computer Communication Review},
  volume={40},
  number={4},
  pages={195--206},
  year={2010},
  publisher={ACM New York, NY, USA}
}

@article{hoare1978communicating,
  title={Communicating sequential processes},
  author={Hoare, Charles Antony Richard},
  journal={Communications of the ACM},
  volume={21},
  number={8},
  pages={666--677},
  year={1978},
  publisher={ACM New York, NY, USA}
}

@inproceedings{Henriksen:2017:FPF:3062341.3062354,
 author = {Henriksen, Troels and Serup, Niels G. W. and Elsman, Martin and Henglein, Fritz and Oancea, Cosmin E.},
 title = {Futhark: Purely Functional GPU-programming with Nested Parallelism and In-place Array Updates},
 booktitle = {Proceedings of the 38th ACM SIGPLAN Conference on Programming Language Design and Implementation},
 series = {PLDI 2017},
 year = {2017},
 isbn = {978-1-4503-4988-8},
 location = {Barcelona, Spain},
 pages = {556--571},
 numpages = {16},
 url = {http://doi.acm.org/10.1145/3062341.3062354},
 doi = {10.1145/3062341.3062354},
 acmid = {3062354},
 publisher = {ACM},
 address = {New York, NY, USA},
 keywords = {GPGPU, compilers, functional language, parallel},
}

@article{ragan2013halide,
  title={Halide: a language and compiler for optimizing parallelism, locality, and recomputation in image processing pipelines},
  author={Ragan-Kelley, Jonathan and Barnes, Connelly and Adams, Andrew and Paris, Sylvain and Durand, Fr{\'e}do and Amarasinghe, Saman},
  journal={Acm Sigplan Notices},
  volume={48},
  number={6},
  pages={519--530},
  year={2013},
  publisher={ACM New York, NY, USA}
}

@article{bezanson2017julia,
  title={Julia: A fresh approach to numerical computing},
  author={Bezanson, Jeff and Edelman, Alan and Karpinski, Stefan and Shah, Viral B},
  journal={SIAM review},
  volume={59},
  number={1},
  pages={65--98},
  year={2017},
  publisher={SIAM}
}

@phdthesis{hsu2019phd,
    title    = {A data parallel compiler hosted on the GPU},
    school   = {Indiana University},
    author   = {Hsu, Aaron},
    year     = {2019},
    month = {11}
}

@article{hu2019taichi,
  title={Taichi: a language for high-performance computation on spatially sparse data structures},
  author={Hu, Yuanming and Li, Tzu-Mao and Anderson, Luke and Ragan-Kelley, Jonathan and Durand, Fr{\'e}do},
  journal={ACM Transactions on Graphics (TOG)},
  volume={38},
  number={6},
  pages={1--16},
  year={2019},
  publisher={ACM New York, NY, USA}
}

@inproceedings{haavisto2020interoperable,
  title={Interoperable GPU Kernels as Latency Improver for MEC},
  author={Haavisto, Juuso and Riekki, Jukka},
  booktitle={2020 2nd 6G Wireless Summit (6G SUMMIT)},
  pages={1--5},
  year={2020},
  organization={IEEE}
}

@inproceedings{iverson1962programming,
  title={A programming language},
  author={Iverson, Kenneth E},
  booktitle={Proceedings of the May 1-3, 1962, spring joint computer conference},
  pages={345--351},
  year={1962}
}

@article{backus1978can,
  title={Can programming be liberated from the von Neumann style? A functional style and its algebra of programs},
  author={Backus, John},
  journal={Communications of the ACM},
  volume={21},
  number={8},
  pages={613--641},
  year={1978},
  publisher={ACM New York, NY, USA}
}

@incollection{iverson2007notation,
  title={Notation as a tool of thought},
  author={Iverson, Kenneth E},
  booktitle={ACM Turing award lectures},
  pages={1979},
  year={2007}
}

@article{harris2007optimizing,
  title={Optimizing parallel reduction in CUDA},
  author={Harris, Mark and others},
  journal={Nvidia developer technology},
  volume={2},
  number={4},
  pages={70},
  year={2007},
  publisher={NVIDIA Corp. California}
}

@software{neanderthal,
  author = {Djuric, Dragan and others},
  title = {Neanderthal - Fast Clojure Matrix Library},
  url = {https://github.com/uncomplicate/neanderthal},
  version = {0.31.0},
  date = {2020-04-15},
}

@software{codfns,
  author = {Hsu, Aaron},
  title = {Co-dfns - High-performance, Reliable, and Parallel APL},
  url = {https://github.com/Co-dfns/Co-dfns/},
}

@software{kelsey,
  author = {Hightower, Kelsey},
  title = {{Kubernetes The Hard Way}},
  subtitle = {{Bootstrap Kubernetes the hard way on Google Cloud Platform. No scripts.}},
  url = {https://github.com/kelseyhightower/kubernetes-the-hard-way},
}

@inproceedings{okuta2017cupy,
  title={Cupy: A numpy-compatible library for nvidia gpu calculations},
  author={Okuta, Ryosuke and Unno, Yuya and Nishino, Daisuke and Hido, Shohei and Loomis, Crissman},
  booktitle={Proceedings of Workshop on Machine Learning Systems (LearningSys) in The Thirty-first Annual Conference on Neural Information Processing Systems (NIPS)},
  year={2017}
}

@inproceedings{lam2015numba,
  title={Numba: A llvm-based python jit compiler},
  author={Lam, Siu Kwan and Pitrou, Antoine and Seibert, Stanley},
  booktitle={Proceedings of the Second Workshop on the LLVM Compiler Infrastructure in HPC},
  pages={1--6},
  year={2015}
}

@misc{lattner2020mlir,
    title={MLIR: A Compiler Infrastructure for the End of Moore's Law},
    author={Chris Lattner and Mehdi Amini and Uday Bondhugula and Albert Cohen and Andy Davis and Jacques Pienaar and River Riddle and Tatiana Shpeisman and Nicolas Vasilache and Oleksandr Zinenko},
    year={2020},
    eprint={2002.11054},
    archivePrefix={arXiv},
    primaryClass={cs.PL}
}

@inproceedings{panda2016netbricks,
  title={{NetBricks: Taking the V out of NFV}},
  author={Panda, Aurojit and Han, Sangjin and Jang, Keon and Walls, Melvin and Ratnasamy, Sylvia and Shenker, Scott},
  booktitle={{12th USENIX Symposium on Operating Systems Design and Implementation (OSDI 16)}},
  pages={203--216},
  year={2016}
}

@misc{slepak2019semantics,
    title={The Semantics of Rank Polymorphism},
    author={Justin Slepak and Olin Shivers and Panagiotis Manolios},
    year={2019},
    eprint={1907.00509},
    archivePrefix={arXiv},
    primaryClass={cs.PL}
}

@misc{shivers2019introduction,
    title={Introduction to Rank-polymorphic Programming in Remora (Draft)},
    author={Olin Shivers and Justin Slepak and Panagiotis Manolios},
    year={2019},
    eprint={1912.13451},
    archivePrefix={arXiv},
    primaryClass={cs.PL}
}

@article{10.1145/3338843,
author = {Jackson, Daniel},
title = {Alloy: A Language and Tool for Exploring Software Designs},
year = {2019},
issue_date = {September 2019},
publisher = {Association for Computing Machinery},
address = {New York, NY, USA},
volume = {62},
number = {9},
issn = {0001-0782},
url = {https://doi.org/10.1145/3338843},
doi = {10.1145/3338843},
journal = {Commun. ACM},
month = aug,
pages = {66–76},
numpages = {11}
}

@inproceedings{brown2011heterogeneous,
  title={A heterogeneous parallel framework for domain-specific languages},
  author={Brown, Kevin J and Sujeeth, Arvind K and Lee, Hyouk Joong and Rompf, Tiark and Chafi, Hassan and Odersky, Martin and Olukotun, Kunle},
  booktitle={2011 International Conference on Parallel Architectures and Compilation Techniques},
  pages={89--100},
  year={2011},
  organization={IEEE}
}

@techreport{isoapl,
type = {Standard},
key = {ISO 8485:1989},
month = oct,
year = {1989},
title = {{Programming languages — APL}},
volume = {2006},
institution = {International Organization for Standardization}
}

@inproceedings{hsu2016key,
  title={The key to a data parallel compiler},
  author={Hsu, Aaron W},
  booktitle={Proceedings of the 3rd ACM SIGPLAN International Workshop on Libraries, Languages, and Compilers for Array Programming},
  pages={32--40},
  year={2016}
}

@article{hui2020apl,
  title={APL Since 1978},
  author={Hui, Roger KW and Kromberg, Morten J},
  journal={Proceedings of the ACM on Programming Languages},
  year={2020},
  publisher={ACM New York, NY, USA}
}