@techreport{proust2017asap,
  title={Asap: As static as possible memory management},
  author={Proust, Rapha{\"e}l L},
  year={2017},
  institution={University of Cambridge, Computer Laboratory}
}

@software{neut,
  author = {{neut}},
  title = {A dependently-typed programming language with compile-time malloc/free determination},
  url = {https://github.com/u2zv1wx/neut},
  date = {2020-05-23},
}

@mastersthesis{gpupoly,
  TITLE = {{Leveraging APL and SPIR-V languages to write network functions to be deployed on Vulkan compatible GPUs}},
  AUTHOR = {Haavisto, Juuso},
  URL = {https://hal.inria.fr/hal-03155647},
  SCHOOL = {{Universit{\'e} de Lorraine}},
  YEAR = {2020},
  MONTH = Jun,
  PDF = {https://hal.inria.fr/hal-03155647/file/haavisto2020nfv.pdf},
  HAL_ID = {hal-03155647},
  HAL_VERSION = {v1},
}

@inproceedings{iverson1962programming,
  title={A programming language},
  author={Iverson, Kenneth E},
  booktitle={Proceedings of the May 1-3, 1962, spring joint computer conference},
  pages={345--351},
  year={1962}
}

@article{hui2020apl,
  title={APL Since 1978},
  author={Hui, Roger KW and Kromberg, Morten J},
  journal={Proceedings of the ACM on Programming Languages},
  year={2020},
  publisher={ACM New York, NY, USA}
}

@inproceedings{slepak2014array,
  title={An array-oriented language with static rank polymorphism},
  author={Slepak, Justin and Shivers, Olin and Manolios, Panagiotis},
  booktitle={European Symposium on Programming Languages and Systems},
  pages={27--46},
  year={2014},
  organization={Springer}
}

@inproceedings{gibbons2017aplicative,
  title={APLicative programming with Naperian functors},
  author={Gibbons, Jeremy},
  booktitle={European Symposium on Programming},
  pages={556--583},
  year={2017},
  organization={Springer}
}

@article{turing1937computable,
  title={On computable numbers, with an application to the Entscheidungsproblem},
  author={Turing, Alan Mathison},
  journal={Proceedings of the London mathematical society},
  volume={2},
  number={1},
  pages={230--265},
  year={1937},
  publisher={Wiley Online Library}
}

@article{jay1999programming,
  title={Programming in fish},
  author={Jay, C Barry},
  journal={International Journal on Software Tools for Technology Transfer},
  volume={2},
  number={3},
  pages={307--315},
  year={1999},
  publisher={Springer}
}

@inproceedings{henriksen2017futhark,
  title={Futhark: purely functional GPU-programming with nested parallelism and in-place array updates},
  author={Henriksen, Troels and Serup, Niels GW and Elsman, Martin and Henglein, Fritz and Oancea, Cosmin E},
  booktitle={Proceedings of the 38th ACM SIGPLAN Conference on Programming Language Design and Implementation},
  pages={556--571},
  year={2017}
}

@article{bezanson2017julia,
  title={Julia: A fresh approach to numerical computing},
  author={Bezanson, Jeff and Edelman, Alan and Karpinski, Stefan and Shah, Viral B},
  journal={SIAM review},
  volume={59},
  number={1},
  pages={65--98},
  year={2017},
  publisher={SIAM}
}

@phdthesis{hsu2019phd,
    title    = {A data parallel compiler hosted on the GPU},
    school   = {Indiana University},
    author   = {Hsu, Aaron},
    year     = {2019},
    month = {11}
}

@inproceedings{haavisto2019open,
  title={Open-source RANs in practice: an over-the-air deployment for 5G MEC},
  author={Haavisto, Juuso and Arif, Muhammad and Lov{\'e}n, Lauri and Lepp{\"a}nen, Teemu and Riekki, Jukka},
  booktitle={2019 European Conference on Networks and Communications (EuCNC)},
  pages={495--500},
  year={2019},
  organization={IEEE}
}

@article{orchard2019quantitative,
  title={Quantitative program reasoning with graded modal types},
  author={Orchard, Dominic and Liepelt, Vilem-Benjamin and Eades III, Harley},
  journal={Proceedings of the ACM on Programming Languages},
  volume={3},
  number={ICFP},
  pages={1--30},
  year={2019},
  publisher={ACM New York, NY, USA}
}

@inproceedings{jay1994shapely,
  title={Shapely types and shape polymorphism},
  author={Jay, C Barry and Cockett, J Robin B},
  booktitle={European Symposium on Programming},
  pages={302--316},
  year={1994},
  organization={Springer}
}

@article{paszke2021getting,
  title={Getting to the Point. Index Sets and Parallelism-Preserving Autodiff for Pointful Array Programming},
  author={Paszke, Adam and Johnson, Daniel and Duvenaud, David and Vytiniotis, Dimitrios and Radul, Alexey and Johnson, Matthew and Ragan-Kelley, Jonathan and Maclaurin, Dougal},
  journal={arXiv preprint arXiv:2104.05372},
  year={2021}
}

@article{brady2013idris,
  title={Idris, a general-purpose dependently typed programming language: Design and implementation.},
  author={Brady, Edwin},
  journal={J. Funct. Program.},
  volume={23},
  number={5},
  pages={552--593},
  year={2013}
}

@article{brady2021idris,
  title={Idris 2: Quantitative Type Theory in Practice},
  author={Brady, Edwin},
  journal={arXiv preprint arXiv:2104.00480},
  year={2021}
}

@book{brady2017type,
  title={Type-driven development with Idris},
  author={Brady, Edwin},
  year={2017},
  publisher={Manning Publications Company New York}
}

@misc{slepak2019semantics,
    title={The Semantics of Rank Polymorphism},
    author={Justin Slepak and Olin Shivers and Panagiotis Manolios},
    year={2019},
    eprint={1907.00509},
    archivePrefix={arXiv},
    primaryClass={cs.PL}
}

@misc{shivers2019introduction,
    title={Introduction to Rank-polymorphic Programming in Remora (Draft)},
    author={Olin Shivers and Justin Slepak and Panagiotis Manolios},
    year={2019},
    eprint={1912.13451},
    archivePrefix={arXiv},
    primaryClass={cs.PL}
}

@phdthesis{henriksen:phdthesis,
  author       = {Troels Henriksen},
  title        = {Design and Implementation of the Futhark Programming Language},
  school       = {University of Copenhagen},
  year         = 2017,
  address      = {Universitetsparken 5, 2100 KÃ¸benhavn},
  month        = 11,
}

@inproceedings{Henriksen:2016:AGT:2975991.2975997,
 author = {Henriksen, Troels and Dybdal, Martin and Urms, Henrik and Kiehn, Anna Sofie and Gavin, Daniel and Abelskov, Hjalte and Elsman, Martin and Oancea, Cosmin},
 title = {APL on GPUs: A TAIL from the Past, Scribbled in Futhark},
 booktitle = {Proceedings of the 5th International Workshop on Functional High-Performance Computing},
 series = {FHPC 2016},
 year = {2016},
 isbn = {978-1-4503-4433-3},
 location = {Nara, Japan},
 pages = {38--43},
 numpages = {6},
 url = {http://doi.acm.org/10.1145/2975991.2975997},
 doi = {10.1145/2975991.2975997},
 acmid = {2975997},
 publisher = {ACM},
 address = {New York, NY, USA},
 keywords = {APL, GPGPU, auto-parallelization, functional language},
}

@article{paszke2021getting,
  title={Getting to the Point. Index Sets and Parallelism-Preserving Autodiff for Pointful Array Programming},
  author={Paszke, Adam and Johnson, Daniel and Duvenaud, David and Vytiniotis, Dimitrios and Radul, Alexey and Johnson, Matthew and Ragan-Kelley, Jonathan and Maclaurin, Dougal},
  journal={arXiv preprint arXiv:2104.05372},
  year={2021}
}

@InCollection{sep-logic-dependence,
	author       =	{Galliani, Pietro},
	title        =	{{Dependence Logic}},
	booktitle    =	{The {Stanford} Encyclopedia of Philosophy},
	editor       =	{Edward N. Zalta},
	howpublished =	{\url{https://plato.stanford.edu/archives/sum2021/entries/logic-dependence/}},
	year         =	{2021},
	edition      =	{{S}ummer 2021},
	publisher    =	{Metaphysics Research Lab, Stanford University}
}

@article{hodges1997compositional,
  title={Compositional semantics for a language of imperfect information},
  author={Hodges, Wilfrid},
  journal={Logic Journal of the IGPL},
  volume={5},
  number={4},
  pages={539--563},
  year={1997},
  publisher={OUP}
}

@article{jung2017rustbelt,
  title={RustBelt: Securing the foundations of the Rust programming language},
  author={Jung, Ralf and Jourdan, Jacques-Henri and Krebbers, Robbert and Dreyer, Derek},
  journal={Proceedings of the ACM on Programming Languages},
  volume={2},
  number={POPL},
  pages={1--34},
  year={2017},
  publisher={ACM New York, NY, USA}
}

@article{matsakis2014rust,
  title={The rust language},
  author={Matsakis, Nicholas D and Klock, Felix S},
  journal={ACM SIGAda Ada Letters},
  volume={34},
  number={3},
  pages={103--104},
  year={2014},
  publisher={ACM New York, NY, USA}
}

@inproceedings{wang2018krust,
  title={Krust: A formal executable semantics of rust},
  author={Wang, Feng and Song, Fu and Zhang, Min and Zhu, Xiaoran and Zhang, Jun},
  booktitle={2018 International Symposium on Theoretical Aspects of Software Engineering (TASE)},
  pages={44--51},
  year={2018},
  organization={IEEE}
}

@incollection{iverson2007notation,
  title={Notation as a tool of thought},
  author={Iverson, Kenneth E},
  booktitle={ACM Turing award lectures},
  pages={1979},
  year={2007}
}

@article{raschka2020machine,
  title={Machine learning in python: Main developments and technology trends in data science, machine learning, and artificial intelligence},
  author={Raschka, Sebastian and Patterson, Joshua and Nolet, Corey},
  journal={Information},
  volume={11},
  number={4},
  pages={193},
  year={2020},
  publisher={Multidisciplinary Digital Publishing Institute}
}

@inproceedings{bergstra2010theano,
  title={Theano: A CPU and GPU math compiler in Python},
  author={Bergstra, James and Breuleux, Olivier and Bastien, Fr{\'e}d{\'e}ric and Lamblin, Pascal and Pascanu, Razvan and Desjardins, Guillaume and Turian, Joseph and Warde-Farley, David and Bengio, Yoshua},
  booktitle={Proc. 9th Python in Science Conf},
  volume={1},
  pages={3--10},
  year={2010}
}

@inproceedings{abadi2016tensorflow,
  title={Tensorflow: A system for large-scale machine learning},
  author={Abadi, Mart{\'\i}n and Barham, Paul and Chen, Jianmin and Chen, Zhifeng and Davis, Andy and Dean, Jeffrey and Devin, Matthieu and Ghemawat, Sanjay and Irving, Geoffrey and Isard, Michael and others},
  booktitle={12th $\{$USENIX$\}$ symposium on operating systems design and implementation ($\{$OSDI$\}$ 16)},
  pages={265--283},
  year={2016}
}

@article{edwardsshapechecker,
  title={ShapeChecker: Inferring and Reasoning about Shapes in TensorFlow},
  author={Edwards, Miranda and Gordon, Daniel and Li, Beibin}
}

@inproceedings{shkaravska2007polynomial,
  title={Polynomial size analysis of first-order functions},
  author={Shkaravska, Olha and van Kesteren, Ron and van Eekelen, Marko},
  booktitle={International Conference on Typed Lambda Calculi and Applications},
  pages={351--365},
  year={2007},
  organization={Springer}
}