@inproceedings{jain2016comparison,
  title={A comparison of SDN and NFV for re-designing the LTE packet core},
  author={Jain, Aman and Sadagopan, NS and Lohani, Sunny Kumar and Vutukuru, Mythili},
  booktitle={Network Function Virtualization and Software Defined Networks (NFV-SDN), IEEE Conference on},
  pages={74--80},
  year={2016},
  organization={IEEE}
}

@article{shaik2015practical,
  title={Practical attacks against privacy and availability in 4G/LTE mobile communication systems},
  author={Shaik, Altaf and Borgaonkar, Ravishankar and Asokan, N and Niemi, Valtteri and Seifert, Jean-Pierre},
  journal={arXiv preprint arXiv:1510.07563},
  year={2015}
}

@article{ahokangas2016future,
  title={Future micro operators business models in 5G},
  author={Ahokangas, Petri and Moqaddamerad, Sara and Matinmikko, Marja and Abouzeid, Alhussein and Atkova, Irina and Gomes, Julius Francis and Iivari, Marika},
  journal={The Business \& Management Review},
  volume={7},
  number={5},
  pages={143},
  year={2016},
  publisher={The Academy of Business and Retail Management (ABRM)}
}

@article{matinmikko2017micro,
  title={Micro operators to boost local service delivery in 5G},
  author={Matinmikko, Marja and Latva-Aho, Matti and Ahokangas, Petri and Yrj{\"o}l{\"a}, Seppo and Koivum{\"a}ki, Timo},
  journal={Wireless Personal Communications},
  volume={95},
  number={1},
  pages={69--82},
  year={2017},
  publisher={Springer}
}

@mastersthesis{arif2017msc,
    author    = "Arif, Muhammad",
    title     = "OpenEPC Integration within 5GTN as an NFV proof of concept",
    school    = "University of Oulu, Faculty of Information Technology and Electrical Engineering, Communications Engineering",
    year      = "2017",
}

@thesis{neijonen2017bsc,
    author    = "Neijonen, Antti",
    title     = "IoT-sensorien integrointi ja palvelun luominen suojatussa 5G-testiverkossa",
    school    = "University of Oulu, Faculty of Information Technology and Electrical Engineering, Electrical Engineering",
    type     = "bachelor thesis",
    year      = "2017",
    note     = "In Finnish",
}

@thesis{rautava2017bsc,
    author    = "Rautava, Jori-Pekka",
    title     = "CNC-jyrsimen tärinän mittaus värinäsensorilla",
    school    = "University of Oulu, Faculty of Information Technology and Electrical Engineering, Electrical Engineering",
    type     = "bachelor thesis",
    year      = "2017",
    note     = "In Finnish",
}

@misc{website:spectrum-ieee,
      author = "Lucas Laursen",
      title = "Software-Defined Radio Will Let Communities Build Their Own 4G Networks",
      month = "November",
      year = "2015",
      url = "https://spectrum.ieee.org/telecom/wireless/softwaredefined-radio-will-let-communities-build-their-own-4g-networks"
}

@misc{website:facebook-av1,
      author = "Yu Liu",
      title = "AV1 beats x264 and libvpx-vp9 in practical use case",
      month = "April",
      year = "2018",
      url = "https://code.fb.com/video-engineering/av1-beats-x264-and-libvpx-vp9-in-practical-use-case/"
}

@misc{website:cyberlog,
      author = {{Cyberlog IT}},
      title = {Build a LTE Network with srsLTE and Program Your Own USIM Card},
      month = {May},
      year = {2018},
      url = {https://cyberloginit.com/2018/05/03/build-a-lte-network-with-srslte-and-program-your-own-usim-card.html}
}

@misc{website:srslte-mailinglist,
      author = "Christos Ricudis",
      title = "[srslte-users] Suggest opensource EPC",
      month = "December",
      year = "2017",
      url = "http://www.softwareradiosystems.com/pipermail/srslte-users/2017-December/001261.html"
}

@inproceedings{tullberg2016metis,
  title={The METIS 5G system concept: Meeting the 5G requirements},
  author={Tullberg, Hugo and Popovski, Petar and Li, Zexian and Uusitalo, Mikko A and Hoglund, Andreas and Bulakci, Omer and Fallgren, Mikael and Monserrat del R{\'\i}o, Jose Francisco},
  booktitle={IEEE Communications Magazine},
  volume={54},
  number={12},
  pages={132--139},
  year={2016},
  organization={Institute of Electrical and Electronics Engineers (IEEE)}
}

@article{sherry2012making,
  title={Making middleboxes someone else's problem: network processing as a cloud service},
  author={Sherry, Justine and Hasan, Shaddi and Scott, Colin and Krishnamurthy, Arvind and Ratnasamy, Sylvia and Sekar, Vyas},
  journal={ACM SIGCOMM Computer Communication Review},
  volume={42},
  number={4},
  pages={13--24},
  year={2012},
  publisher={ACM}
}

@inproceedings{wang2011untold,
  title={An untold story of middleboxes in cellular networks},
  author={Wang, Zhaoguang and Qian, Zhiyun and Xu, Qiang and Mao, Zhuoqing and Zhang, Ming},
  booktitle={ACM SIGCOMM Computer Communication Review},
  volume={41},
  number={4},
  pages={374--385},
  year={2011},
  organization={ACM}
}

@inproceedings{walfish2004middleboxes,
  title={Middleboxes No Longer Considered Harmful.},
  author={Walfish, Michael and Stribling, Jeremy and Krohn, Maxwell N and Balakrishnan, Hari and Morris, Robert and Shenker, Scott},
  booktitle={OSDI},
  volume={4},
  pages={15--15},
  year={2004}
}

@article{chowdhury2009network,
  title={Network virtualization: state of the art and research challenges},
  author={Chowdhury, NM Mosharaf Kabir and Boutaba, Raouf},
  journal={IEEE Communications magazine},
  volume={47},
  number={7},
  year={2009},
  publisher={IEEE}
}

@article{chowdhury2010survey,
  title={A survey of network virtualization},
  author={Chowdhury, NM Mosharaf Kabir and Boutaba, Raouf},
  journal={Computer Networks},
  volume={54},
  number={5},
  pages={862--876},
  year={2010},
  publisher={Elsevier}
}

@inproceedings{schaffrath2009network,
  title={Network virtualization architecture: Proposal and initial prototype},
  author={Schaffrath, Gregor and Werle, Christoph and Papadimitriou, Panagiotis and Feldmann, Anja and Bless, Roland and Greenhalgh, Adam and Wundsam, Andreas and Kind, Mario and Maennel, Olaf and Mathy, Laurent},
  booktitle={Proceedings of the 1st ACM workshop on Virtualized infrastructure systems and architectures},
  pages={63--72},
  year={2009},
  organization={ACM}
}

@article{li2015software,
  title={Software-defined network function virtualization: A survey},
  author={Li, Yong and Chen, Min},
  journal={IEEE Access},
  volume={3},
  pages={2542--2553},
  year={2015},
  publisher={IEEE}
}

@article{parvez2018survey,
  title={A survey on low latency towards 5G: RAN, core network and caching solutions},
  author={Parvez, Imtiaz and Rahmati, Ali and Guvenc, Ismail and Sarwat, Arif I and Dai, Huaiyu},
  journal={IEEE Communications Surveys \& Tutorials},
  year={2018},
  publisher={IEEE}
}

@inproceedings{jacobs1997managing,
  title={Managing latency in complex augmented reality systems},
  author={Jacobs, Marco C and Livingston, Mark A and others},
  booktitle={Proceedings of the 1997 symposium on Interactive 3D graphics},
  pages={49--ff},
  year={1997},
  organization={ACM}
}

@article{barbarossa2014communicating,
  title={Communicating while computing: Distributed mobile cloud computing over 5G heterogeneous networks},
  author={Barbarossa, Sergio and Sardellitti, Stefania and Di Lorenzo, Paolo},
  journal={IEEE Signal Processing Magazine},
  volume={31},
  number={6},
  pages={45--55},
  year={2014},
  publisher={IEEE}
}

@article{sharifi2012survey,
  title={A survey and taxonomy of cyber foraging of mobile devices},
  author={Sharifi, Mohsen and Kafaie, Somayeh and Kashefi, Omid},
  journal={IEEE Communications Surveys \& Tutorials},
  volume={14},
  number={4},
  pages={1232--1243},
  year={2012},
  publisher={IEEE}
}

@article{fernando2013mobile,
  title={Mobile cloud computing: A survey},
  author={Fernando, Niroshinie and Loke, Seng W and Rahayu, Wenny},
  journal={Future generation computer systems},
  volume={29},
  number={1},
  pages={84--106},
  year={2013},
  publisher={Elsevier}
}

@article{kumar2013survey,
  title={A survey of computation offloading for mobile systems},
  author={Kumar, Karthik and Liu, Jibang and Lu, Yung-Hsiang and Bhargava, Bharat},
  journal={Mobile Networks and Applications},
  volume={18},
  number={1},
  pages={129--140},
  year={2013},
  publisher={Springer}
}

@inproceedings{erwin2001unicore,
  title={UNICORE: A Grid computing environment},
  author={Erwin, Dietmar W and Snelling, David F},
  booktitle={European Conference on Parallel Processing},
  pages={825--834},
  year={2001},
  organization={Springer}
}

@article{foster2001anatomy,
  title={The anatomy of the grid: Enabling scalable virtual organizations},
  author={Foster, Ian and Kesselman, Carl and Tuecke, Steven},
  journal={The International Journal of High Performance Computing Applications},
  volume={15},
  number={3},
  pages={200--222},
  year={2001},
  publisher={Sage Publications Sage CA: Thousand Oaks, CA}
}

@article{tran2017collaborative,
  title={Collaborative mobile edge computing in 5G networks: New paradigms, scenarios, and challenges},
  author={Tran, Tuyen X and Hajisami, Abolfazl and Pandey, Parul and Pompili, Dario},
  journal={IEEE Communications Magazine},
  volume={55},
  number={4},
  pages={54--61},
  year={2017},
  publisher={IEEE}
}

@article{blanco2017technology,
  title={Technology pillars in the architecture of future 5G mobile networks: NFV, MEC and SDN},
  author={Blanco, Bego and Fajardo, Jose Oscar and Giannoulakis, Ioannis and Kafetzakis, Emmanouil and Peng, Shuping and P{\'e}rez-Romero, Jordi and Trajkovska, Irena and Khodashenas, Pouria S and Goratti, Leonardo and Paolino, Michele and others},
  journal={Computer Standards \& Interfaces},
  volume={54},
  pages={216--228},
  year={2017},
  publisher={Elsevier}
}

@techreport{saguna-intel2016,
     title = {Using Mobile Edge Computing to Improve Mobile Network Performance and Profitability},
     author = {Saguna and Intel},
     year = {2016}
}

@techreport{nsn-intel2013,
     title = {Increasing Mobile Operators’ Value Proposition With Edge Computing},
     author = {{NSN and Intel}},
     year = {2013}
}

@book{weldon2016future,
  title={The future X network: a Bell Labs perspective},
  author={Weldon, Marcus K},
  year={2016},
  publisher={Crc Press}
}

@article{kanter2015graphics,
  title={Graphics processing requirements for enabling immersive vr},
  author={Kanter, David},
  journal={AMD White Paper},
  year={2015}
}

@article{seam2017enabling,
  title={Enabling mobile augmented and virtual reality with 5G networks},
  author={Seam, A and Poll, A and Wright, R and Mueller, J and Hoodbhoy, F},
  journal={AT\&T, Jan},
  year={2017}
}

@incollection{nikaein2017towards,
  title={Towards a cloud-native radio access network},
  author={Nikaein, Navid and Schiller, Eryk and Favraud, Romain and Knopp, Raymond and Alyafawi, Islam and Braun, Torsten},
  booktitle={Advances in Mobile Cloud Computing and Big Data in the 5G Era},
  pages={171--202},
  year={2017},
  publisher={Springer}
}

@article{matinmikko2017regulations,
  title={On regulations for 5G: Micro licensing for locally operated networks},
  author={Matinmikko, Marja and Latva-aho, Matti and Ahokangas, Petri and Sepp{\"a}nen, Veikko},
  journal={Telecommunications Policy},
  year={2017},
  publisher={Elsevier}
}

@article{richart2016resource,
  title={Resource slicing in virtual wireless networks: A survey},
  author={Richart, Matias and Baliosian, Javier and Serrat, Joan and Gorricho, Juan-Luis},
  journal={IEEE Transactions on Network and Service Management},
  volume={13},
  number={3},
  pages={462--476},
  year={2016},
  publisher={IEEE}
}

@article{rost2016mobile,
  title={Mobile network architecture evolution toward 5G},
  author={Rost, Peter and Banchs, Albert and Berberana, Ignacio and Breitbach, Markus and Doll, Mark and Droste, Heinz and Mannweiler, Christian and Puente, Miguel A and Samdanis, Konstantinos and Sayadi, Bessem},
  journal={IEEE Communications Magazine},
  volume={54},
  number={5},
  pages={84--91},
  year={2016},
  publisher={IEEE}
}

@article{samdanis2016network,
  title={From network sharing to multi-tenancy: The 5G network slice broker},
  author={Samdanis, Konstantinos and Costa-Perez, Xavier and Sciancalepore, Vincenzo},
  journal={IEEE Communications Magazine},
  volume={54},
  number={7},
  pages={32--39},
  year={2016},
  publisher={IEEE}
}

@inproceedings{mao2015minimizing,
  title={Minimizing latency of real-time container cloud for software radio access networks},
  author={Mao, Chen-Nien and Huang, Mu-Han and Padhy, Satyajit and Wang, Shu-Ting and Chung, Wu-Chun and Chung, Yeh-Ching and Hsu, Cheng-Hsin},
  booktitle={Cloud Computing Technology and Science (CloudCom), 2015 IEEE 7th International Conference on},
  pages={611--616},
  year={2015},
  organization={IEEE}
}

@article{condoluci2016enabling,
  title={Enabling the IoT machine age with 5G: Machine-type multicast services for innovative real-time applications},
  author={Condoluci, Massimo and Araniti, Giuseppe and Mahmoodi, Toktam and Dohler, Mischa},
  journal={IEEE Access},
  volume={4},
  pages={5555--5569},
  year={2016},
  publisher={IEEE}
}

@article{mezzavilla2018end,
  title={End-to-end simulation of 5g mmwave networks},
  author={Mezzavilla, Marco and Zhang, Menglei and Polese, Michele and Ford, Russell and Dutta, Sourjya and Rangan, Sundeep and Zorzi, Michele},
  journal={IEEE Communications Surveys \& Tutorials},
  year={2018},
  publisher={IEEE}
}

@article{gu2007udt,
  title={UDT: UDP-based data transfer for high-speed wide area networks},
  author={Gu, Yunhong and Grossman, Robert L},
  journal={Computer Networks},
  volume={51},
  number={7},
  pages={1777--1799},
  year={2007},
  publisher={Elsevier}
}

@inproceedings{kamarainen2017measurement,
  title={A measurement study on achieving imperceptible latency in mobile cloud gaming},
  author={K{\"a}m{\"a}r{\"a}inen, Teemu and Siekkinen, Matti and Yl{\"a}-J{\"a}{\"a}ski, Antti and Zhang, Wenxiao and Hui, Pan},
  booktitle={Proceedings of the 8th ACM on Multimedia Systems Conference},
  pages={88--99},
  year={2017},
  organization={ACM}
}

@inproceedings{simsek20165g,
  title={The 5G-enabled tactile internet: Applications, requirements, and architecture},
  author={Simsek, Meryem and Aijaz, Adnan and Dohler, Mischa and Sachs, Joachim and Fettweis, Gerhard},
  booktitle={Wireless Communications and Networking Conference (WCNC), 2016 IEEE},
  pages={1--6},
  year={2016},
  organization={IEEE}
}

@inproceedings{deber2015much,
  title={How much faster is fast enough?: User perception of latency \& latency improvements in direct and indirect touch},
  author={Deber, Jonathan and Jota, Ricardo and Forlines, Clifton and Wigdor, Daniel},
  booktitle={Proceedings of the 33rd Annual ACM Conference on Human Factors in Computing Systems},
  pages={1827--1836},
  year={2015},
  organization={ACM}
}

@article{nokia2013increasing,
  title={Increasing Mobile Operators Value Proposition With Edge Computing},
  author={Nokia, Intel},
  journal={Technical Brief},
  year={2013}
}

@misc{website:ti-huawei,
      author = {{The Information}},
      title = {China’s Huawei Plots AI Push With ‘Project Da Vinci’},
      month = {July},
      year = {2018},
      url = {https://www.theinformation.com/articles/chinas-huawei-plots-ai-push-with-project-da-vinci}
}

@inproceedings{suznjevic2016analysis,
  title={Analysis and QoE evaluation of cloud gaming service adaptation under different network conditions: The case of NVIDIA GeForce NOW},
  author={Suznjevic, Mirko and Slivar, Ivan and Skorin-Kapov, Lea},
  booktitle={Quality Of Multimedia Experience (Qomex), 2016 Eighth International Conference On},
  pages={1--6},
  year={2016},
  organization={IEEE}
}

@book{graham2004hackers,
  title={Hackers \& painters: big ideas from the computer age},
  author={Graham, Paul},
  year={2004},
  publisher={" O'Reilly Media, Inc."}
}

@inproceedings{rupprechtbreaking,
  title={Breaking LTE on Layer Two},
  author={Rupprecht, David and Kohls, Katharina and Holz, Thorsten and P{\"o}pper, Christina},
  booktitle={Breaking LTE on Layer Two},
  pages={0},
  organization={IEEE}
}

@article{burns2016borg,
  title={Borg, omega, and kubernetes},
  author={Burns, Brendan and Grant, Brian and Oppenheimer, David and Brewer, Eric and Wilkes, John},
  journal={Queue},
  volume={14},
  number={1},
  pages={10},
  year={2016},
  publisher={ACM}
}

@article{lincoln2016motion,
  title={From motion to photons in 80 microseconds: Towards minimal latency for virtual and augmented reality},
  author={Lincoln, Peter and Blate, Alex and Singh, Montek and Whitted, Turner and Lastra, Anselmo and Fuchs, Henry and others},
  journal={IEEE Transactions on Visualization \& Computer Graphics},
  number={4},
  pages={1367--1376},
  year={2016},
  publisher={IEEE}
}

@article{satyanarayanan2009case,
  title={The case for vm-based cloudlets in mobile computing},
  author={Satyanarayanan, Mahadev and Bahl, Victor and Caceres, Ram{\'o}n and Davies, Nigel},
  journal={IEEE pervasive Computing},
  year={2009},
  publisher={IEEE}
}

@inproceedings{kamarainen2017dissecting,
  title={Dissecting the end-to-end latency of interactive mobile video applications},
  author={K{\"a}m{\"a}r{\"a}inen, Teemu and Siekkinen, Matti and Yl{\"a}-J{\"a}{\"a}ski, Antti and Zhang, Wenxiao and Hui, Pan},
  booktitle={Proceedings of the 18th International Workshop on Mobile Computing Systems and Applications},
  pages={61--66},
  year={2017},
  organization={ACM}
}

@inproceedings{langley2017quic,
  title={The QUIC transport protocol: Design and Internet-scale deployment},
  author={Langley, Adam and Riddoch, Alistair and Wilk, Alyssa and Vicente, Antonio and Krasic, Charles and Zhang, Dan and Yang, Fan and Kouranov, Fedor and Swett, Ian and Iyengar, Janardhan and others},
  booktitle={Proceedings of the Conference of the ACM Special Interest Group on Data Communication},
  pages={183--196},
  year={2017},
  organization={ACM}
}

@article{qian2018achieving,
  title={Achieving Robust Mobile Web Content Delivery Performance Based on Multiple Coordinated QUIC Connections},
  author={Qian, Peng and Wang, Ning and Tafazolli, Rahim},
  journal={IEEE Access},
  volume={6},
  pages={11313--11328},
  year={2018},
  publisher={IEEE}
}

@inproceedings{anthes2016state,
  title={State of the art of virtual reality technology},
  author={Anthes, Christoph and Garc{\'\i}a-Hern{\'a}ndez, Rub{\'e}n Jes{\'u}s and Wiedemann, Markus and Kranzlm{\"u}ller, Dieter},
  booktitle={Aerospace Conference, 2016 IEEE},
  pages={1--19},
  year={2016},
  organization={Ieee}
}

@inproceedings{bhat2017not,
  title={Not so QUIC: A performance study of DASH over QUIC},
  author={Bhat, Divyashri and Rizk, Amr and Zink, Michael},
  booktitle={Proceedings of the 27th Workshop on Network and Operating Systems Support for Digital Audio and Video},
  pages={13--18},
  year={2017},
  organization={ACM}
}

@inproceedings{zheng2014minimizing,
  title={Minimizing latency for augmented reality displays: Frames considered harmful},
  author={Zheng, Feng and Whitted, Turner and Lastra, Anselmo and Lincoln, Peter and Maimone, Andrew and Fuchs, Henry and others},
  booktitle={Mixed and Augmented Reality (ISMAR), 2014 IEEE International Symposium on},
  pages={195--200},
  year={2014},
  organization={IEEE}
}

@article{andrews2014will,
  title={What will 5G be?},
  author={Andrews, Jeffrey G and Buzzi, Stefano and Choi, Wan and Hanly, Stephen V and Lozano, Angel and Soong, Anthony CK and Zhang, Jianzhong Charlie},
  journal={IEEE Journal on selected areas in communications},
  volume={32},
  number={6},
  pages={1065--1082},
  year={2014},
  publisher={IEEE}
}

@inproceedings{trivisonno2015towards,
  title={Towards zero latency software defined 5G networks},
  author={Trivisonno, Riccardo and Guerzoni, Riccardo and Vaishnavi, Ishan and Soldani, David},
  booktitle={Communication Workshop (ICCW), 2015 IEEE International Conference on},
  pages={2566--2571},
  year={2015},
  organization={IEEE}
}

@inproceedings{gudipati2013softran,
  title={SoftRAN: Software defined radio access network},
  author={Gudipati, Aditya and Perry, Daniel and Li, Li Erran and Katti, Sachin},
  booktitle={Proceedings of the second ACM SIGCOMM workshop on Hot topics in software defined networking},
  pages={25--30},
  year={2013},
  organization={ACM}
}

@inproceedings{raaf2011vision,
  title={Vision for beyond 4G broadband radio systems},
  author={Raaf, Bernhard and Zirwas, Wolfgang and Friederichs, Karl-Josef and Tiirola, Esa and Laitila, Matti and Marsch, Patrick and Wichman, Risto},
  booktitle={Personal Indoor and Mobile Radio Communications (PIMRC), 2011 IEEE 22nd International Symposium on},
  pages={2369--2373},
  year={2011},
  organization={IEEE}
}

@inproceedings{yi2015fog,
  title={Fog computing: Platform and applications},
  author={Yi, Shanhe and Hao, Zijiang and Qin, Zhengrui and Li, Qun},
  booktitle={2015 Third IEEE Workshop on Hot Topics in Web Systems and Technologies (HotWeb)},
  pages={73--78},
  year={2015},
  organization={IEEE}
}

@book{whitman2011principles,
  title={Principles of information security},
  author={Whitman, Michael E and Mattord, Herbert J},
  year={2011},
  publisher={Cengage Learning}
}

@article{taleb2017multi,
  title={On multi-access edge computing: A survey of the emerging 5G network edge cloud architecture and orchestration},
  author={Taleb, Tarik and Samdanis, Konstantinos and Mada, Badr and Flinck, Hannu and Dutta, Sunny and Sabella, Dario},
  journal={IEEE Communications Surveys \& Tutorials},
  volume={19},
  number={3},
  pages={1657--1681},
  year={2017},
  publisher={IEEE}
}

@article{shi2016edge,
  title={Edge computing: Vision and challenges},
  author={Shi, Weisong and Cao, Jie and Zhang, Quan and Li, Youhuizi and Xu, Lanyu},
  journal={IEEE Internet of Things Journal},
  volume={3},
  number={5},
  pages={637--646},
  year={2016},
  publisher={IEEE}
}

@article{wood2014ethereum,
  title={Ethereum: A secure decentralised generalised transaction ledger},
  author={Wood, Gavin},
  journal={Ethereum project yellow paper},
  volume={151},
  pages={1--32},
  year={2014}
}

@inproceedings{larew2013air,
  title={Air interface design and ray tracing study for 5G millimeter wave communications},
  author={Larew, Stephen G and Thomas, Timothy A and Cudak, Mark and Ghosh, Amitava},
  booktitle={Globecom Workshops (GC Wkshps), 2013 IEEE},
  pages={117--122},
  year={2013},
  organization={IEEE}
}

@article{pi2011introduction,
  title={An introduction to millimeter-wave mobile broadband systems},
  author={Pi, Zhouyue and Khan, Farooq},
  journal={IEEE communications magazine},
  volume={49},
  number={6},
  year={2011},
  publisher={IEEE}
}

@inproceedings{zaostrovnykh2017formally,
  title={A formally verified nat},
  author={Zaostrovnykh, Arseniy and Pirelli, Solal and Pedrosa, Luis and Argyraki, Katerina and Candea, George},
  booktitle={Proceedings of the Conference of the ACM Special Interest Group on Data Communication},
  pages={141--154},
  year={2017},
  organization={ACM}
}

@article{zhang2018comparative,
  title={A Comparative Study of Containers and Virtual Machines in Big Data Environment},
  author={Zhang, Qi and Liu, Ling and Pu, Calton and Dou, Qiwei and Wu, Liren and Zhou, Wei},
  journal={arXiv preprint arXiv:1807.01842},
  year={2018}
}

@article{fettweis20125g,
  title={A 5G wireless communications vision},
  author={Fettweis, Gerhard P},
  journal={Microwave Journal},
  volume={55},
  number={12},
  pages={24--36},
  year={2012},
  publisher={Horizon House Publications, Inc., 685 Canton Street Norwood MA 02062 United States}
}
